<?xml version="1.0" encoding="UTF-8"?><record xmlns="http://www.loc.gov/MARC21/slim" xmlns:cinclude="http://apache.org/cocoon/include/1.0" xmlns:zs="http://www.loc.gov/zing/srw/">
  <leader>00379cz  a2200121n  4500</leader>
  <controlfield tag="001">n 2014018457</controlfield>
  <controlfield tag="003">DLC</controlfield>
  <controlfield tag="005">20140606160759.0</controlfield>
  <controlfield tag="008">140407n| azannaabn          |n aaa      </controlfield>
  <datafield tag="010" ind1=" " ind2=" ">
    <subfield code="a">n 2014018457</subfield>
  </datafield>
  <datafield tag="040" ind1=" " ind2=" ">
    <subfield code="a">DLC</subfield>
    <subfield code="b">eng</subfield>
    <subfield code="c">DLC</subfield>
    <subfield code="e">rda</subfield>
    <subfield code="d">DLC</subfield>
  </datafield>
  <datafield tag="100" ind1="1" ind2=" ">
    <subfield code="a">Grgurevic휍혖, Osman</subfield>
  </datafield>
  <datafield tag="670" ind1=" " ind2=" ">
    <subfield code="a">Vjersko i kulturno u nacionalnom identitetu muslimana Crne Gore, 2011:</subfield>
    <subfield code="b">p. preceding t.p. (Osman Grgurevic휍혖)</subfield>
  </datafield>
</record>